@article{marcucci2024shortest,
  title={Shortest paths in graphs of convex sets},
  author={Marcucci, Tobia and Umenberger, Jack and Parrilo, Pablo and Tedrake, Russ},
  journal={SIAM Journal on Optimization},
  volume={34},
  number={1},
  pages={507--532},
  year={2024},
  publisher={SIAM}
}

@article{marcucci2023motion,
  title={Motion planning around obstacles with convex optimization},
  author={Marcucci, Tobia and Petersen, Mark and von Wrangel, David and Tedrake, Russ},
  journal={Science robotics},
  volume={8},
  number={84},
  pages={eadf7843},
  year={2023},
  publisher={American Association for the Advancement of Science}
}

@article{sucan2012open,
  title={The open motion planning library},
  author={Sucan, Ioan A and Moll, Mark and Kavraki, Lydia E},
  journal={IEEE Robotics \& Automation Magazine},
  volume={19},
  number={4},
  pages={72--82},
  year={2012},
  publisher={IEEE}
}

@misc{drake,
 author = "Russ Tedrake and the Drake Development Team",
 title = "Drake: Model-based design and verification for robotics",
 year = 2019,
 url = "https://drake.mit.edu"
}

@book{lavalle2006planning,
  title={Planning algorithms},
  author={LaValle, Steven M},
  year={2006},
  publisher={Cambridge university press}
}

@inproceedings{reif1979complexity,
  title={Complexity of the mover's problem and generalizations},
  author={Reif, John H},
  booktitle={20th Annual Symposium on Foundations of Computer Science (sfcs 1979)},
  pages={421--427},
  year={1979},
  organization={IEEE Computer Society}
}

@article{kavraki1996probabilistic,
  title={Probabilistic roadmaps for path planning in high-dimensional configuration spaces},
  author={Kavraki, Lydia E and Svestka, Petr and Latombe, J-C and Overmars, Mark H},
  journal={IEEE transactions on Robotics and Automation},
  volume={12},
  number={4},
  pages={566--580},
  year={1996},
  publisher={IEEE}
}

@article{lavalle2001randomized,
  title={Randomized kinodynamic planning},
  author={LaValle, Steven M and Kuffner Jr, James J},
  journal={The international journal of robotics research},
  volume={20},
  number={5},
  pages={378--400},
  year={2001},
  publisher={SAGE Publications}
}