@article{marcucci2024shortest,
  title={Shortest paths in graphs of convex sets},
  author={Marcucci, Tobia and Umenberger, Jack and Parrilo, Pablo and Tedrake, Russ},
  journal={SIAM Journal on Optimization},
  volume={34},
  number={1},
  pages={507--532},
  year={2024},
  publisher={SIAM}
}

@article{marcucci2023motion,
  title={Motion planning around obstacles with convex optimization},
  author={Marcucci, Tobia and Petersen, Mark and von Wrangel, David and Tedrake, Russ},
  journal={Science robotics},
  volume={8},
  number={84},
  pages={eadf7843},
  year={2023},
  publisher={American Association for the Advancement of Science}
}

@article{sucan2012open,
  title={The open motion planning library},
  author={Sucan, Ioan A and Moll, Mark and Kavraki, Lydia E},
  journal={IEEE Robotics \& Automation Magazine},
  volume={19},
  number={4},
  pages={72--82},
  year={2012},
  publisher={IEEE}
}

@misc{drake,
 author = "Russ Tedrake and the Drake Development Team",
 title = "Drake: Model-based design and verification for robotics",
 year = 2019,
 url = "https://drake.mit.edu"
}

@book{lavalle2006planning,
  title={Planning algorithms},
  author={LaValle, Steven M},
  year={2006},
  publisher={Cambridge university press}
}

@inproceedings{reif1979complexity,
  title={Complexity of the mover's problem and generalizations},
  author={Reif, John H},
  booktitle={20th Annual Symposium on Foundations of Computer Science (sfcs 1979)},
  pages={421--427},
  year={1979},
  organization={IEEE Computer Society}
}

@article{kavraki1996probabilistic,
  title={Probabilistic roadmaps for path planning in high-dimensional configuration spaces},
  author={Kavraki, Lydia E and Svestka, Petr and Latombe, J-C and Overmars, Mark H},
  journal={IEEE transactions on Robotics and Automation},
  volume={12},
  number={4},
  pages={566--580},
  year={1996},
  publisher={IEEE}
}

@article{lavalle2001randomized,
  title={Randomized kinodynamic planning},
  author={LaValle, Steven M and Kuffner Jr, James J},
  journal={The international journal of robotics research},
  volume={20},
  number={5},
  pages={378--400},
  year={2001},
  publisher={SAGE Publications}
}

@article{kyaw2024greedy,
  title={Greedy heuristics for sampling-based motion planning in high-dimensional state spaces},
  author={Kyaw, Phone Thiha and Le, Anh Vu and Yi, Lim and Veerajagadheswar, Prabakaran and Vu, Minh Bui and Elara, Mohan Rajesh},
  journal={arXiv preprint arXiv:2405.03411},
  year={2024}
}

@inproceedings{bohlin2000path,
  title={Path planning using lazy PRM},
  author={Bohlin, Robert and Kavraki, Lydia E},
  booktitle={Proceedings 2000 ICRA. Millennium conference. IEEE international conference on robotics and automation. Symposia proceedings (Cat. No. 00CH37065)},
  volume={1},
  pages={521--528},
  year={2000},
  organization={IEEE}
}

@article{dobson2014sparse,
  title={Sparse roadmap spanners for asymptotically near-optimal motion planning},
  author={Dobson, Andrew and Bekris, Kostas E},
  journal={The International Journal of Robotics Research},
  volume={33},
  number={1},
  pages={18--47},
  year={2014},
  publisher={SAGE Publications Sage UK: London, England}
}

@inproceedings{kuffner2000rrt,
  title={RRT-connect: An efficient approach to single-query path planning},
  author={Kuffner, James J and LaValle, Steven M},
  booktitle={Proceedings 2000 ICRA. Millennium conference. IEEE international conference on robotics and automation. Symposia proceedings (Cat. No. 00CH37065)},
  volume={2},
  pages={995--1001},
  year={2000},
  organization={IEEE}
}

@article{gammell2020batch,
  title={Batch Informed Trees (BIT*): Informed asymptotically optimal anytime search},
  author={Gammell, Jonathan D and Barfoot, Timothy D and Srinivasa, Siddhartha S},
  journal={The International Journal of Robotics Research},
  volume={39},
  number={5},
  pages={543--567},
  year={2020},
  publisher={SAGE Publications Sage UK: London, England}
}

@inproceedings{strub2020adaptively,
  title={Adaptively Informed Trees (AIT*): Fast asymptotically optimal path planning through adaptive heuristics},
  author={Strub, Marlin P and Gammell, Jonathan D},
  booktitle={2020 IEEE International Conference on Robotics and Automation (ICRA)},
  pages={3191--3198},
  year={2020},
  organization={IEEE}
}

@manual{mosek,
   author = "MOSEK ApS",
   title = "The MOSEK optimization toolbox for MATLAB manual. Version 9.0.",
   year = 2019,
   url = "http://docs.mosek.com/9.0/toolbox/index.html"
 }

@article{iris,
    author = {Deits, Robin and Tedrake, Russ},
    year = {2015},
    month = {04},
    pages = {109-124},
    title = {Computing Large Convex Regions of Obstacle-Free Space Through Semidefinite Programming},
    volume = {107},
    isbn = {978-3-319-16594-3},
    journal = {Springer Tracts in Advanced Robotics},
    doi = {10.1007/978-3-319-16595-0_7}
}

@inproceedings{petit2021rrt,
  title={RRT-Rope: A deterministic shortening approach for fast near-optimal path planning in large-scale uncluttered 3D environments},
  author={Petit, Louis and Desbiens, Alexis Lussier},
  booktitle={2021 IEEE International Conference on Systems, Man, and Cybernetics (SMC)},
  pages={1111--1118},
  year={2021},
  organization={IEEE}
}